%% IN PROCEEDINGS

@INPROCEEDINGS{LAW, 
author={Law, D.R.}, 
booktitle={Simulation Conference Proceedings, 1998. Winter}, title={Scalable means more than more: a unifying definition of simulation scalability}, 
year={1998}, 
month={dec}, 
volume={1}, 
number={}, 
pages={781 -788 vol.1}, 
keywords={military simulations community;multivariate scalability function;quantitative nature;relative performance;restricted definitions;scalable simulation systems;simulation communities;simulation scalability;unifying definition;digital simulation;military computing;performance evaluation;}, 
doi={10.1109/WSC.1998.745064}, 
ISSN={},}

@inproceedings{BONDI,
 author = {Bondi, Andr\'e},
 title = {Characteristics of scalability and their impact on performance},
 booktitle = {Proceedings of the 2nd international workshop on Software and performance},
 series = {WOSP '00},
 year = {2000},
 isbn = {1-58113-195-X},
 location = {Ottawa, Ontario, Canada},
 pages = {195--203},
 numpages = {9},
 url = {http://doi.acm.org/10.1145/350391.350432},
 doi = {http://doi.acm.org/10.1145/350391.350432},
 acmid = {350432},
 publisher = {ACM},
 address = {New York, NY, USA},
 keywords = {load scalability, performance, structural and space scalability},
} 

@INPROCEEDINGS{STAS, 
author={Yong Chen and Xian-He Sun}, 
booktitle={Cluster Computing, 2006 IEEE International Conference on}, title={STAS: A Scalability Testing and Analysis System}, 
year={2006}, 
month={sept.}, 
volume={}, 
number={}, 
pages={1 -10}, 
keywords={analysis system;distributed systems;isospeed scalability;isospeed-e scalability metric;parallel systems;performance evaluation;scalability testing;program diagnostics;program testing;software metrics;software performance evaluation;}, 
doi={10.1109/CLUSTR.2006.311882}, 
ISSN={1552-5244}}


%% BOOKS
@book{QUINN,
	author = {Quinn, M.},
	title={Parallel Computing: Theory and Practice},
	edition = {2nd},
	publisher = {McGraw-Hill},
	year = {1994}
}

@book{GOF1995, 
	title={Design Patterns: Elements of Reusable Object-Oriented Software}, 
	volume={206},
	publisher={Addison Wesley},
	author={Gamma, Erich and Helm, Richard and Johnson, Ralph and Vlissides, John},
	year={1995}, 
	pages={416}
}

@book{Hew09,
	author={Hewitt, Eben},
	title={Java Soa Cookbook},
	edition = {1st},
	publisher = {O'Reilly Media},
	year={2009}
}

@book{Bean10,
	author={Bean, James},
	title={SOA and Web Services Interface Design: Principles,
                      Techniques, and Standards},
	publisher = {Elsevier},
	year={2009}
}

@book{Beck02,
	author={Beck, K.},
	title={Test-Driven Development: By Example},
	publisher={Addison-Wesley Professional},
	year={2002}


}

%% ARTICLES
@article{p2p,
author = {Eduardo Cunha de Almeida and Gerson Sunye and Yves Le Traon and Patrick Valduriez},
title = {A Framework for Testing Peer-to-Peer Systems},
journal ={Software Reliability Engineering, International Symposium on},
volume = {0},
issn = {1071-9458},
year = {2008},
pages = {167-176},
doi = {http://doi.ieeecomputersociety.org/10.1109/ISSRE.2008.42},
publisher = {IEEE Computer Society},
address = {Los Alamitos, CA, USA},
}


%% Websites
@misc{JavaRMI,
	author = {Oracle},
	URL = {http://docs.oracle.com/javase/tutorial/rmi/index.html},
	title = "{Trail: RMI}",
	note = {Last access on November 23, 2011},
	year = {1997}
}



